@Booklet{Ullman,
		author = { J. Leskovec AND A. Rajaraman AND J. Ullman}, 
		title ={ Mining of Massive Datasets }, 
		year = { 2014 }, 	
		howpublished = {Cambridge University Press }, 
		edition = {2\up{nd} }, 
		note = {\url{http://mmds.org} }, 
}

@online{hadoop,
	title = {Apache Hadoop}, 
	year = {2014}, 
	url = {hadoop.apache.org}, 
	urldate ={ 17/10/2017}
}

@online{publi-tuteurs,
		author ={ Pascal, Lafourcade AND Radu, Ciucanu AND Matthieu, Giraud }, 
		title = { Secure Matrix Multiplication with MapReduce}, 
		year = {2017 }, 
		url = {http://sancy.univ-bpclermit.fr/~lafourcade/PAPERS/PDF/BCGL17.pdf }, 
		urldate = { 07/10/2017 }, 
}

@mastersthesis{FAHIMA,
		author = { Idim Fahima},
		title = { Algorithmes de chiffrement asymétrique à base de factorisation: mise en oeuvre de RSA, Rabin et Paillier}, 
		publisher = { Université A/Mira de Béjaïa }, 
		year = {2015-2016}, 
}

@online{complex-operations,
		author = {Nathalie Revol}, 
		title = { Algorithmes et complexité, illustration en arithmétique des ordinateurs}, 
		year = {2003}, 
		url = {http://perso.ens-lyon.fr/nathalie.revol/talks/IREM-APMEP.pdf }, 
		urldate ={22/02/2018}, 
}

@online{code-Paillier,
		author = {Omar Hasan}, 
		year = {2009}, 
		url = {https://perso.liris.cnrs.fr/omar.hasan/pprs/paillierdemo/Paillier.java}, 
		urldate ={30/12/2017}, 
}

@online{code-One-Step,
		title = { MR5. Matrix Multiplication using MapReduce Programming in Java}, 
		year = {2017}, 
		url = {http://www.ehadoopinfor.com/2017/10/mr5-mtrix-multiplication-using.html}, 
		urldate ={ 22/01/2018 }, 
}


@online{complex-chiffrement,
		author = {Liam Morris}, 
		title = { Homomorphic Encryption}, 
		url = {http://www.liammoris.com/crypto2/Homomorphic%2Encrytion%20Presentation.pdf}, 
		urldate ={ 27/02/2018 }, 
}



